@ARTICLE{4310076,
  author={Otsu, Nobuyuki},
  journal={IEEE Transactions on Systems, Man, and Cybernetics}, 
  title={A Threshold Selection Method from Gray-Level Histograms}, 
  year={1979},
  volume={9},
  number={1},
  pages={62-66},
  abstract={},
  keywords={Histograms;Marine vehicles;Radar tracking;Least squares approximation;Surveillance;Target tracking;Gaussian distribution;Displays;Q measurement;Sea measurements},
  doi={10.1109/TSMC.1979.4310076},
  ISSN={2168-2909},
  month={Jan},}
@article{kass1988snakes,
  title={Snakes: Active contour models},
  author={Kass, Michael and Witkin, Andrew and Terzopoulos, Demetri},
  journal={International journal of computer vision},
  volume={1},
  number={4},
  pages={321--331},
  year={1988},
  publisher={Springer}
}

@article{Huang2014,
  author    = {Deng-Yuan Huang and Tsung-Wen Lin and Wen-Chou Hu},
  title     = {Automatic Multilevel Thresholding Based on Two-Stage Otsuâ€™s Method with Cluster Determination by Valley Estimation},
  journal   = {Journal of Signal and Information Processing},
  year      = {2014},
  volume    = {5},
  number    = {03},
  pages     = {161--168},
  doi       = {10.4236/jsip.2014.53019},
  url       = {https://www.scirp.org/journal/paperinformation.aspx?paperid=50660},
}
@misc{george_multithreshold_otsu,
  author       = {George P.S.},
  title        = {Multithreshold Otsu Method Repository, otsu.py},
  howpublished = {\url{https://github.com/ps-george/multithreshold/blob/master/otsu.py#L4}},
  year         = {2019},

}
@misc{katergaris_otsu_method,
  author       = {Kosta Katergaris},
  title        = {Otsu's Method Implementation},
  howpublished = {\url{https://github.com/KostaKat/otsus_method.git}},
  year         = {2024},

}
